@string{UNKNOWN = "UNKNOWN"}

%[IMPORTED STRING DEFINITIONS]

%[JOURNALS]

@string{aij = "Artificial Intelligence"}

@string{aimag = "AI~Magazine"}

@string{bij = "Bioinformatics"}

@string{dke = "Data and Knowledge Engineering"}

@string{dmkd = "Data Mining and Knowledge Discovery"}

@string{ida = "Intelligent Data Analysis"}

@string{kde = "IEEE Transactions on Knowledge and Data Engineering"}

@string{ml = "Machine Learning"}

@string{pami = "IEEE Transactions on Pattern Analysis and Machine Intelligence (PAMI)"}

@string{sigkdd = "SIGKDD Explorations"}

%[PUBLISHERS]

@string{kluwer = "Kluwer Academic Publishers"}

@string{kluwer-ad = "Dordrecht, The Netherlands"}

@string{SV = "Springer-Verlag"}

%[ORGANIZATIONS]

@string{aaai = "American Association for Artificial Intelligence"}

@string{aaai-ad = "Menlo Park"}

@string{aamas04 = "3rd International Joint Conference on Autonomous Agents
          and Multiagent Systems"}

@string{aamas04Ed = "Sierra, C. and Sonenberg, L."}

@string{aamas04Addr = "New York, NY, USA"}

@string{acl = "Association for Computational Linguistics"}

@string{acm = "Association for Computing Machinery"}

@string{acm-ad = "New York"}

%[SCHOOLS]

@string{cmucs = "Computer Science Department, Carnegie-Mellon University"}

@string{cmucs-ad = "Pittsburgh, Pennsylvania"}

@string{upenn = "University of Pennsylvania"}

%[CONFERENCES]

@string{kdd02 = "Proceedings of the Conference on Knowledge and Data Discovery
                 (KDD-2002)"}

@string{kdmm98 = "Proceedings of the 4th International Conference on Knowledge Discovery and Data Mining"}

@string{kdmm98addr = "New York"}

@string{uai00 = "Proceedings of the 16th Annual Conference on Uncertainty in Artificial Intelligence"}

%[REFERENCES] %%%%%%%%%%%%%%%%%%%%%%%%%%%%%%%%%%%%%%%%%%%%%%%%%%
